<record><leader>00000cas a2200000 a 4500</leader><controlfield tag="001">13741123</controlfield><controlfield tag="008">860617c18819999mouwr ne      0    0eng d</controlfield><datafield ind1=" " ind2=" " tag="010"><subfield code="a">sn 86063969 </subfield></datafield><datafield ind1=" " ind2=" " tag="040"><subfield code="a">KSH</subfield><subfield code="b">eng</subfield><subfield code="c">KSH</subfield><subfield code="d">NPT</subfield><subfield code="d">MQN</subfield><subfield code="d">OCL</subfield><subfield code="d">OCLCQ</subfield></datafield><datafield ind1=" " ind2=" " tag="042"><subfield code="a">msc</subfield></datafield><datafield ind1="0" ind2="0" tag="245"><subfield code="a">Salisbury press-spectator.</subfield></datafield><datafield ind1=" " ind2=" " tag="260"><subfield code="a">Salisbury, Mo. :</subfield><subfield code="b">Dismukes &amp; Gallemore,</subfield><subfield code="c">1881-</subfield></datafield><datafield ind1=" " ind2=" " tag="300"><subfield code="a">v. :</subfield><subfield code="b">ill. ;</subfield><subfield code="c">71 cm.</subfield></datafield><datafield ind1=" " ind2=" " tag="310"><subfield code="a">Weekly</subfield></datafield><datafield ind1="0" ind2=" " tag="362"><subfield code="a">Vol. 10, no. 50 (July 15, 1881)-</subfield></datafield><datafield ind1=" " ind2=" " tag="515"><subfield code="a">Includes numbering of Salisbury spectator.</subfield></datafield><datafield ind1=" " ind2=" " tag="752"><subfield code="a">United States</subfield><subfield code="b">Missouri</subfield><subfield code="c">Chariton</subfield><subfield code="d">Salisbury.</subfield></datafield><datafield ind1="0" ind2="4" tag="780"><subfield code="t">Salisbury press (Salisbury, Mo.)</subfield><subfield code="w">(DLC)sn 85034074</subfield></datafield><datafield ind1="0" ind2="4" tag="780"><subfield code="t">Salisbury spectator</subfield></datafield><datafield ind1="0" ind2="5" tag="780"><subfield code="t">Salisbury democrat</subfield><subfield code="w">(DLC)sn 90061694</subfield></datafield><datafield ind1="1" ind2=" " tag="029"><subfield code="a">AU@</subfield><subfield code="b">000022169272</subfield></datafield></record>